<?xml version="1.0" encoding="utf-8"?>
<record xmlns="http://www.loc.gov/MARC21/slim" xmlns:xsi="http://www.w3.org/2001/XMLSchema-instance" xsi:schemaLocation="http://www.loc.gov/MARC21/slim http://www.loc.gov/standards/marcxml/schema/MARC21slim.xsd">
	<leader>     nam a22     Mi 4500</leader>
	<controlfield tag="001">b12353115</controlfield>
	<controlfield tag="003">LeBAU</controlfield>
	<controlfield tag="006">m        d        </controlfield>
	<controlfield tag="007">cr cn |||m|||a</controlfield>
	<controlfield tag="008">180321s1929    ua      o     ||0 0 ara d</controlfield>
	<datafield ind1=" " ind2=" " tag="040">
		<subfield code="a">ZYU</subfield>
		<subfield code="b">ara</subfield>
		<subfield code="e">rda</subfield>
		<subfield code="c">ZYU</subfield>
	</datafield>
	<datafield ind1="1" ind2=" " tag="041">
		<subfield code="a">ara</subfield>
		<subfield code="k">eng</subfield>
		<subfield code="h">grc</subfield>
	</datafield>
	<datafield ind1=" " ind2="4" tag="050">
		<subfield code="a">JC71</subfield>
		<subfield code="b">.P342 1929</subfield>
	</datafield>
	<datafield ind1="0" ind2="4" tag="082">
		<subfield code="a">184.1</subfield>
		<subfield code="2">20</subfield>
	</datafield>
	<datafield ind1="0" ind2=" " tag="100">
		<subfield code="6">880-01</subfield>
		<subfield code="a">Plato,</subfield>
		<subfield code="e">author.</subfield>
	</datafield>
	<datafield ind1="1" ind2="0" tag="240">
		<subfield code="a">Republic.</subfield>
		<subfield code="l">Arabic</subfield>
	</datafield>
	<datafield ind1="1" ind2="0" tag="245">
		<subfield code="6">880-02</subfield>
		<subfield code="a">Jumhūrīyat Aflāṭūn /</subfield>
		<subfield code="c">naqalahā ilá al-ʻArabīyah ʻan al-tarjamāt al-Inkilīzīyah Ḥannā Khabbāz.</subfield>
	</datafield>
	<datafield ind1=" " ind2="1" tag="264">
		<subfield code="6">880-03</subfield>
		<subfield code="a">Miṣr :</subfield>
		<subfield code="b">Maṭbaʻat al-Muqtaṭaf wa-al-Muqaṭṭam,</subfield>
		<subfield code="c">1929.</subfield>
	</datafield>
	<datafield ind1=" " ind2=" " tag="300">
		<subfield code="6">880-04</subfield>
		<subfield code="a">online resource (288 pages)</subfield>
	</datafield>
	<datafield ind1=" " ind2=" " tag="336">
		<subfield code="a">text</subfield>
		<subfield code="2">rdacontent</subfield>
	</datafield>
	<datafield ind1=" " ind2=" " tag="337">
		<subfield code="a">computer</subfield>
		<subfield code="2">rdamedia</subfield>
	</datafield>
	<datafield ind1=" " ind2=" " tag="338">
		<subfield code="a">online resource</subfield>
		<subfield code="2">rdacarrier</subfield>
	</datafield>
	<datafield ind1=" " ind2=" " tag="500">
		<subfield code="a">Part of the Arabic Collections Online (ACO) project, contributed by American University of Beirut's Jafet Memorial Library.</subfield>
	</datafield>
	<datafield ind1=" " ind2=" " tag="533">
		<subfield code="a">Electronic reproduction.</subfield>
		<subfield code="b">New York, N.Y. :</subfield>
		<subfield code="c">New York University,</subfield>
		<subfield code="d">2018.</subfield>
		<subfield code="5">NNU</subfield>
	</datafield>
	<datafield ind1=" " ind2="0" tag="650">
		<subfield code="6">880-05</subfield>
		<subfield code="a">Political science</subfield>
		<subfield code="v">Early works to 1800.</subfield>
	</datafield>
	<datafield ind1=" " ind2="0" tag="650">
		<subfield code="6">880-06</subfield>
		<subfield code="a">Utopias</subfield>
		<subfield code="v">Early works to 1800.</subfield>
	</datafield>
	<datafield ind1="1" ind2=" " tag="700">
		<subfield code="6">880-07</subfield>
		<subfield code="a">Khabbāz, Ḥannā,</subfield>
		<subfield code="e">translator.</subfield>
	</datafield>
	<datafield ind1="2" ind2=" " tag="710">
		<subfield code="a">Jafet Memorial Library.</subfield>
	</datafield>
	<datafield ind1="0" ind2=" " tag="730">
		<subfield code="a">Arabic Collections Online.</subfield>
	</datafield>
	<datafield ind1="0" ind2=" " tag="765">
		<subfield code="6">880-08</subfield>
		<subfield code="i">Translation of (work):</subfield>
		<subfield code="t">The Republic of Plato.</subfield>
		<subfield code="b">3rd edition</subfield>
		<subfield code="d">Oxford : Clarendon Press, 1927, c1908</subfield>
		<subfield code="w">(OCoLC)785058561</subfield>
		<subfield code="w">(OCoLC)785058561</subfield>
	</datafield>
	<datafield ind1="0" ind2=" " tag="765">
		<subfield code="6">880-09</subfield>
		<subfield code="i">Translation of (work):</subfield>
		<subfield code="t">The Republic of Plato</subfield>
		<subfield code="d">London : Oxford University Press, [1945]</subfield>
		<subfield code="w">(OCoLC)10515966</subfield>
		<subfield code="w">(OCoLC)10515966</subfield>
	</datafield>
	<datafield ind1="0" ind2=" " tag="765">
		<subfield code="6">880-10</subfield>
		<subfield code="i">Translation of (work):</subfield>
		<subfield code="t">The Republic of Plato</subfield>
		<subfield code="d">Cambridge : Cambridge University Press, 1900</subfield>
		<subfield code="w">(OCoLC)09673676</subfield>
		<subfield code="w">(OCoLC)09673676</subfield>
	</datafield>
	<datafield ind1="0" ind2=" " tag="765">
		<subfield code="6">880-11</subfield>
		<subfield code="i">Translation of (work):</subfield>
		<subfield code="t">The Republic of Plato.</subfield>
		<subfield code="b">2nd edition</subfield>
		<subfield code="d">New York : Basic Books, c1991</subfield>
		<subfield code="w">(OCoLC)24422598</subfield>
		<subfield code="w">(OCoLC)24422598</subfield>
	</datafield>
	<datafield ind1="0" ind2="8" tag="776">
		<subfield code="i">Print version:</subfield>
		<subfield code="a">Plato, author.</subfield>
		<subfield code="t">Jumhūrīyat Aflāṭūn</subfield>
		<subfield code="w">(LeBAU)b12353115</subfield>
	</datafield>
	<datafield ind1="4" ind2="0" tag="856">
		<subfield code="u">http://hdl.handle.net/2333.1/k0p2nnwd</subfield>
	</datafield>
	<datafield ind1="0" ind2=" " tag="880">
		<subfield code="6">100-01</subfield>
		<subfield code="a">أفلاطون،</subfield>
		<subfield code="e">مؤلف.</subfield>
		<subfield code="4">aut.</subfield>
	</datafield>
	<datafield ind1="1" ind2="0" tag="880">
		<subfield code="6">245-02</subfield>
		<subfield code="a">جمهورية أفلاطون /</subfield>
		<subfield code="c">نقلها الى العربية عن الترجمات الإنكليزية حنا خباز.</subfield>
	</datafield>
	<datafield ind1=" " ind2="1" tag="880">
		<subfield code="6">264-03</subfield>
		<subfield code="a">مصر :</subfield>
		<subfield code="b">مطبعة المقتطف والمقطم،</subfield>
		<subfield code="c">1929.</subfield>
	</datafield>
	<datafield ind1=" " ind2=" " tag="880">
		<subfield code="6">300-04</subfield>
		<subfield code="a">288 صفحة ؛</subfield>
		<subfield code="c">22 سم</subfield>
	</datafield>
	<datafield ind1=" " ind2=" " tag="880">
		<subfield code="6">500-00</subfield>
		<subfield code="a">&quot;هدية المقتطف السنوية 1929.&quot;</subfield>
	</datafield>
	<datafield ind1=" " ind2="4" tag="880">
		<subfield code="6">650-05</subfield>
		<subfield code="a">علم السياسة</subfield>
		<subfield code="v">اعمال قديمة حتى 1800.</subfield>
	</datafield>
	<datafield ind1=" " ind2="4" tag="880">
		<subfield code="6">650-06</subfield>
		<subfield code="a">المدن الفاضلة</subfield>
		<subfield code="v">اعمال قديمة حتى 1800.</subfield>
	</datafield>
	<datafield ind1="1" ind2=" " tag="880">
		<subfield code="6">700-07</subfield>
		<subfield code="a">خباز، حنا،</subfield>
		<subfield code="e">مترجم.</subfield>
		<subfield code="4">trl.</subfield>
	</datafield>
	<datafield ind1="0" ind2=" " tag="880">
		<subfield code="6">765-08</subfield>
		<subfield code="i">ترجمة كتاب (عمل):</subfield>
		<subfield code="t">The Republic of Plato.</subfield>
		<subfield code="b">3rd edition</subfield>
		<subfield code="d">Oxford : Clarendon Press, 1927, c1908</subfield>
		<subfield code="w">b1047139x</subfield>
		<subfield code="w">(OCoLC)785058561</subfield>
	</datafield>
	<datafield ind1="0" ind2=" " tag="880">
		<subfield code="6">765-09</subfield>
		<subfield code="i">ترجمة كتاب (عمل):</subfield>
		<subfield code="t">The Republic of Plato</subfield>
		<subfield code="d">London : Oxford University Press, [1945]</subfield>
		<subfield code="w">b10881608</subfield>
		<subfield code="w">(OCoLC)10515966</subfield>
	</datafield>
	<datafield ind1="0" ind2=" " tag="880">
		<subfield code="6">765-10</subfield>
		<subfield code="i">ترجمة كتاب (عمل):</subfield>
		<subfield code="t">The Republic of Plato</subfield>
		<subfield code="d">Cambridge : Cambridge University Press, 1900</subfield>
		<subfield code="w">b1197400x</subfield>
		<subfield code="w">(OCoLC)09673676</subfield>
	</datafield>
	<datafield ind1="0" ind2=" " tag="880">
		<subfield code="6">765-11</subfield>
		<subfield code="i">ترجمة كتاب (عمل):</subfield>
		<subfield code="t">The Republic of Plato.</subfield>
		<subfield code="b">2nd edition</subfield>
		<subfield code="d">New York : Basic Books, c1991</subfield>
		<subfield code="w">b12047326</subfield>
		<subfield code="w">(OCoLC)24422598</subfield>
	</datafield>
	<datafield ind1=" " ind2=" " tag="959">
		<subfield code="a">NNU</subfield>
		<subfield code="b">WEB</subfield>
		<subfield code="c">GENI</subfield>
		<subfield code="t">0</subfield>
		<subfield code="m">Electronic access</subfield>
		<subfield code="s">01</subfield>
	</datafield>
	<datafield ind1=" " ind2=" " tag="999">
		<subfield code="i">LeBAU_b12353115</subfield>
		<subfield code="s">aub_aco001466</subfield>
		<subfield code="e">(ERROR-880)</subfield>
		<subfield code="s">aub_aco001466</subfield>
	</datafield>
</record>
